@online{raft,
    author = {Ongaro, Diego and Ousterhout, John},
    title = "The Raft Consensus Algorithm",
    url  = {https://raft.github.io},
    keywords = "Raft"
}
@online{raftGolang,
    author = "Hashicorp",
    title = "Raft",
    url  = {https://github.com/hashicorp/raft},
    keywords = "Raft"
}

@online{ipfsKademlia,
    author = "IPFS",
    title = "go-libp2p-kad-dht",
    url  = {https://github.com/libp2p/go-libp2p-kad-dht},
    keywords = "Kademlia"
}

@online{kademlia,
    author = {Maymounkov, Petar and Mazi√®res, David},
    title = "Kademlia: A Peer-to-peer Information System Based on the XOR Metric",
    url  = {https://pdos.csail.mit.edu/~petar/papers/maymounkov-kademlia-lncs.pdf},
    keywords = "Kademlia"
}

@online{kadDHT,
    author = {libp2p},
    title = "go-libp2p-kad-dht",
    url  = {https://pdos.csail.mit.edu/~petar/papers/maymounkov-kademlia-lncs.pdf},
    keywords = "Kademlia"
}

@online{dynamo,
    author = "Amazon",
    title = "Service, Account, and Table Quotas in Amazon DynamoDB",
    url  = {https://docs.aws.amazon.com/amazondynamodb/latest/developerguide/Limits.html},
    keywords = "DynamoDB"
}

@online{vivaldi,
    author = {Dabek, Frank and Cox, Russ and Kaashoek, Frans and Morris, Robert},
    title = "Vivaldi: A Decentralized Network Coordinate System",
    url  = {https://pdos.csail.mit.edu/papers/vivaldi:sigcomm/paper.pdf},
    keywords = "Vivaldi"
}

@INPROCEEDINGS{pharos,
    author = {Chen, Yang and Xiong, Yongqiang and Shi, Xiaohui and Deng, Beixing and Li, Xing},
    booktitle = {IEEE GLOBECOM 2007 - IEEE Global Telecommunications Conference},
    title = {Pharos: A Decentralized and Hierarchical Network Coordinate System for Internet Distance Prediction},
    year = {2007},
    volume = {},
    number = {},
    pages={421-426},
    doi = {10.1109/GLOCOM.2007.85}
}

@INPROCEEDINGS{kadRTT,
    author = {Kanemitsu, Hidehiro and Nakazato, Hidenori},
    booktitle = {2021 IFIP Networking Conference (IFIP Networking)},
    title = {KadRTT: Routing with network proximity and uniform ID arrangement in Kademlia},
    year = {2021},
    volume = {},
    number = {},
    pages = {1-6},
    doi = {10.23919/IFIPNetworking52078.2021.9472816}
}

@article{p2pLookup,
    author = {Balakrishnan, Hari and Kaashoek, Frans and Karger, David and Morris, Robert and Stoica, Ion},
    year = {2003},
    month = {11},
    pages = {},
    title = {Looking up data in P2P systems},
    journal = {Communications of the ACM},
    doi = {10.1145/606272.606299}
}
